<?xml version="1.0" encoding="UTF-8"?><collection xmlns="http://www.loc.gov/MARC21/slim"><record><leader>00363nam--2200121-i-4500</leader><controlfield tag="001">000018556</controlfield><controlfield tag="002">20161230</controlfield><controlfield tag="005">20161230201032</controlfield><controlfield tag="008">060222s1000------------r-----000-0-eng-d</controlfield><datafield ind1=" " ind2=" " tag="100"><subfield code="a">Fock, V.A</subfield></datafield><datafield ind1=" " ind2=" " tag="245"><subfield code="a">Teoria spatiului,timpului si gravitatii. traducere din limba rusa,dupa a-2-a editie</subfield></datafield><datafield ind1=" " ind2=" " tag="260"><subfield code="a">Bucuresti, Academia R.P.R., I.S.R.S., 1962. 664 P</subfield></datafield><datafield ind1=" " ind2=" " tag="852"><subfield code="a">18043</subfield></datafield></record></collection>